
   <marc:record>
      <marc:leader>     cam a22        4500</marc:leader>
      <marc:controlfield tag="001">410359947</marc:controlfield>
      <marc:controlfield tag="003">DE-576</marc:controlfield>
      <marc:controlfield tag="005">20191125080838.0</marc:controlfield>
      <marc:controlfield tag="007">tu</marc:controlfield>
      <marc:controlfield tag="008">140804s1996    xx |||||      00| ||ger c</marc:controlfield>
      <marc:datafield tag="020" ind1=" " ind2=" ">
         <marc:subfield code="a">3518369296</marc:subfield>
         <marc:subfield code="9">3-518-36929-6</marc:subfield>
      </marc:datafield>
      <marc:datafield tag="035" ind1=" " ind2=" ">
         <marc:subfield code="a">(DE-627)1610284801</marc:subfield>
      </marc:datafield>
      <marc:datafield tag="035" ind1=" " ind2=" ">
         <marc:subfield code="a">(DE-576)410359947</marc:subfield>
      </marc:datafield>
      <marc:datafield tag="035" ind1=" " ind2=" ">
         <marc:subfield code="a">(DE-599)BSZ410359947</marc:subfield>
      </marc:datafield>
      <marc:datafield tag="035" ind1=" " ind2=" ">
         <marc:subfield code="a">(OCoLC)258070401</marc:subfield>
      </marc:datafield>
      <marc:datafield tag="040" ind1=" " ind2=" ">
         <marc:subfield code="a">DE-576</marc:subfield>
         <marc:subfield code="b">ger</marc:subfield>
         <marc:subfield code="c">DE-576</marc:subfield>
         <marc:subfield code="e">rakwb</marc:subfield>
      </marc:datafield>
      <marc:datafield tag="041" ind1=" " ind2=" ">
         <marc:subfield code="a">ger</marc:subfield>
      </marc:datafield>
      <marc:datafield tag="084" ind1=" " ind2=" ">
         <marc:subfield code="a">ZY 5080</marc:subfield>
         <marc:subfield code="2">rvk</marc:subfield>
         <marc:subfield code="0">(DE-625)rvk/158645:13010</marc:subfield>
      </marc:datafield>
      <marc:datafield tag="084" ind1=" " ind2=" ">
         <marc:subfield code="a">BH 3500</marc:subfield>
         <marc:subfield code="2">rvk</marc:subfield>
         <marc:subfield code="0">(DE-625)rvk/11670:</marc:subfield>
      </marc:datafield>
      <marc:datafield tag="084" ind1=" " ind2=" ">
         <marc:subfield code="a">CU 8520</marc:subfield>
         <marc:subfield code="2">rvk</marc:subfield>
         <marc:subfield code="0">(DE-625)rvk/19140:</marc:subfield>
      </marc:datafield>
      <marc:datafield tag="084" ind1=" " ind2=" ">
         <marc:subfield code="a">CU 9500</marc:subfield>
         <marc:subfield code="2">rvk</marc:subfield>
         <marc:subfield code="0">(DE-625)rvk/19149:</marc:subfield>
      </marc:datafield>
      <marc:datafield tag="084" ind1=" " ind2=" ">
         <marc:subfield code="a">LR 57800</marc:subfield>
         <marc:subfield code="2">rvk</marc:subfield>
      </marc:datafield>
      <marc:datafield tag="084" ind1=" " ind2=" ">
         <marc:subfield code="a">CZ 1000</marc:subfield>
         <marc:subfield code="2">rvk</marc:subfield>
         <marc:subfield code="0">(DE-625)rvk/19225:</marc:subfield>
      </marc:datafield>
      <marc:datafield tag="084" ind1=" " ind2=" ">
         <marc:subfield code="a">CU 8000</marc:subfield>
         <marc:subfield code="2">rvk</marc:subfield>
         <marc:subfield code="0">(DE-625)rvk/19124:</marc:subfield>
      </marc:datafield>
      <marc:datafield tag="084" ind1=" " ind2=" ">
         <marc:subfield code="a">AP 84150</marc:subfield>
         <marc:subfield code="2">rvk</marc:subfield>
         <marc:subfield code="0">(DE-625)rvk/8032:</marc:subfield>
      </marc:datafield>
      <marc:datafield tag="100" ind1="1" ind2=" ">
         <marc:subfield code="a">Feldenkrais, Moshé</marc:subfield>
         <marc:subfield code="d">1904-1984</marc:subfield>
         <marc:subfield code="0">(DE-588)118875698</marc:subfield>
         <marc:subfield code="0">(DE-627)079652476</marc:subfield>
         <marc:subfield code="0">(DE-576)160923328</marc:subfield>
         <marc:subfield code="4">aut</marc:subfield>
      </marc:datafield>
      <marc:datafield tag="240" ind1="1" ind2="0">
         <marc:subfield code="a">Šiklûl hay-yekôlet &lt;dt.&gt;</marc:subfield>
      </marc:datafield>
      <marc:datafield tag="245" ind1="1" ind2="0">
         <marc:subfield code="a">Bewusstheit durch Bewegung</marc:subfield>
         <marc:subfield code="b">der aufrechte Gang</marc:subfield>
         <marc:subfield code="c">Moshé Feldenkrais. [Nach der vom Autor bearb. engl. Fassung übers. von Franz Wurm]</marc:subfield>
      </marc:datafield>
      <marc:datafield tag="250" ind1=" " ind2=" ">
         <marc:subfield code="a">[18. Aufl.]</marc:subfield>
      </marc:datafield>
      <marc:datafield tag="264" ind1=" " ind2="1">
         <marc:subfield code="a">[Frankfurt (Main)]</marc:subfield>
         <marc:subfield code="b">Suhrkamp</marc:subfield>
         <marc:subfield code="c">1996</marc:subfield>
      </marc:datafield>
      <marc:datafield tag="300" ind1=" " ind2=" ">
         <marc:subfield code="a">234 S.</marc:subfield>
         <marc:subfield code="b">Ill.</marc:subfield>
      </marc:datafield>
      <marc:datafield tag="336" ind1=" " ind2=" ">
         <marc:subfield code="a">Text</marc:subfield>
         <marc:subfield code="b">txt</marc:subfield>
         <marc:subfield code="2">rdacontent</marc:subfield>
      </marc:datafield>
      <marc:datafield tag="337" ind1=" " ind2=" ">
         <marc:subfield code="a">ohne Hilfsmittel zu benutzen</marc:subfield>
         <marc:subfield code="b">n</marc:subfield>
         <marc:subfield code="2">rdamedia</marc:subfield>
      </marc:datafield>
      <marc:datafield tag="338" ind1=" " ind2=" ">
         <marc:subfield code="a">Band</marc:subfield>
         <marc:subfield code="b">nc</marc:subfield>
         <marc:subfield code="2">rdacarrier</marc:subfield>
      </marc:datafield>
      <marc:datafield tag="490" ind1="0" ind2=" ">
         <marc:subfield code="a">Suhrkamp-Taschenbuch</marc:subfield>
         <marc:subfield code="v">429</marc:subfield>
      </marc:datafield>
      <marc:datafield tag="591" ind1=" " ind2=" ">
         <marc:subfield code="a">IMD-Felder und 1131 maschinell ergänzt (SWB)</marc:subfield>
      </marc:datafield>
      <marc:datafield tag="689" ind1="0" ind2="0">
         <marc:subfield code="D">s</marc:subfield>
         <marc:subfield code="0">(DE-588)4220452-5</marc:subfield>
         <marc:subfield code="0">(DE-627)104345942</marc:subfield>
         <marc:subfield code="0">(DE-576)21026487X</marc:subfield>
         <marc:subfield code="a">Feldenkrais-Methode</marc:subfield>
         <marc:subfield code="2">gnd</marc:subfield>
      </marc:datafield>
      <marc:datafield tag="689" ind1="0" ind2=" ">
         <marc:subfield code="5">(DE-627)</marc:subfield>
      </marc:datafield>
      <marc:datafield tag="700" ind1="1" ind2="2">
         <marc:subfield code="a">Feldenkrais, Moshé</marc:subfield>
         <marc:subfield code="d">1904-1984</marc:subfield>
         <marc:subfield code="t">Šiklûl hay-yekôlet &lt;dt.&gt;</marc:subfield>
      </marc:datafield>
      <marc:datafield tag="936" ind1="r" ind2="v">
         <marc:subfield code="a">ZY 5080</marc:subfield>
         <marc:subfield code="b">Allgemeines; Einführungen</marc:subfield>
         <marc:subfield code="k">Sport</marc:subfield>
         <marc:subfield code="k">Sportpraxis</marc:subfield>
         <marc:subfield code="k">Gymnastik, Tanz</marc:subfield>
         <marc:subfield code="k">Yoga, Atemgymnastik, Entspannungsgymnastik</marc:subfield>
         <marc:subfield code="k">Allgemeines; Einführungen</marc:subfield>
         <marc:subfield code="0">(DE-627)1270953133</marc:subfield>
         <marc:subfield code="0">(DE-625)rvk/158645:13010</marc:subfield>
         <marc:subfield code="0">(DE-576)200953133</marc:subfield>
      </marc:datafield>
      <marc:datafield tag="936" ind1="r" ind2="v">
         <marc:subfield code="a">BH 3500</marc:subfield>
         <marc:subfield code="b">Gesamtdarstellungen</marc:subfield>
         <marc:subfield code="k">Theologie und Religionswissenschaften</marc:subfield>
         <marc:subfield code="k">Evangelische Dogmatik</marc:subfield>
         <marc:subfield code="k">Spezielle Dogmatik</marc:subfield>
         <marc:subfield code="k">Offenbarung</marc:subfield>
         <marc:subfield code="k">Gesamtdarstellungen</marc:subfield>
         <marc:subfield code="0">(DE-627)1271854589</marc:subfield>
         <marc:subfield code="0">(DE-625)rvk/11670:</marc:subfield>
         <marc:subfield code="0">(DE-576)201854589</marc:subfield>
      </marc:datafield>
      <marc:datafield tag="936" ind1="r" ind2="v">
         <marc:subfield code="a">CU 8520</marc:subfield>
         <marc:subfield code="b">Körpertherapie, Bioenergetische Analyse</marc:subfield>
         <marc:subfield code="k">Psychologie</marc:subfield>
         <marc:subfield code="k">Klinische Psychologie</marc:subfield>
         <marc:subfield code="k">Psychologische Behandlungsmethoden, Psychotherapie</marc:subfield>
         <marc:subfield code="k">Behandlungsmethoden</marc:subfield>
         <marc:subfield code="k">Körpertherapie, Bioenergetische Analyse</marc:subfield>
         <marc:subfield code="0">(DE-627)1271481944</marc:subfield>
         <marc:subfield code="0">(DE-625)rvk/19140:</marc:subfield>
         <marc:subfield code="0">(DE-576)201481944</marc:subfield>
      </marc:datafield>
      <marc:datafield tag="936" ind1="r" ind2="v">
         <marc:subfield code="a">CU 9500</marc:subfield>
         <marc:subfield code="b">Sonstiges</marc:subfield>
         <marc:subfield code="k">Psychologie</marc:subfield>
         <marc:subfield code="k">Klinische Psychologie</marc:subfield>
         <marc:subfield code="k">Sonstiges</marc:subfield>
         <marc:subfield code="0">(DE-627)1271490420</marc:subfield>
         <marc:subfield code="0">(DE-625)rvk/19149:</marc:subfield>
         <marc:subfield code="0">(DE-576)201490420</marc:subfield>
      </marc:datafield>
      <marc:datafield tag="936" ind1="r" ind2="v">
         <marc:subfield code="a">LR 57800</marc:subfield>
         <marc:subfield code="b">Medizin (einschl. Psychotherapie)</marc:subfield>
         <marc:subfield code="k">Musikwissenschaft</marc:subfield>
         <marc:subfield code="k">I. Musica theoretica</marc:subfield>
         <marc:subfield code="k">Sachteil: Musica theoretica (einschl. Realien mit geographischem Bezug)</marc:subfield>
         <marc:subfield code="k">Musik in Beziehung zu oder im Vergleich mit anderen Gegenständen und Disziplinen</marc:subfield>
         <marc:subfield code="k">Medizin (einschl. Psychotherapie)</marc:subfield>
         <marc:subfield code="0">(DE-627)1270820869</marc:subfield>
         <marc:subfield code="0">(DE-576)200820869</marc:subfield>
      </marc:datafield>
      <marc:datafield tag="936" ind1="r" ind2="v">
         <marc:subfield code="a">CZ 1000</marc:subfield>
         <marc:subfield code="b">Physiologische Psychologie</marc:subfield>
         <marc:subfield code="k">Psychologie</marc:subfield>
         <marc:subfield code="k">Grenzgebiete der Psychologie</marc:subfield>
         <marc:subfield code="k">Physiologische Psychologie</marc:subfield>
         <marc:subfield code="0">(DE-627)1270798731</marc:subfield>
         <marc:subfield code="0">(DE-625)rvk/19225:</marc:subfield>
         <marc:subfield code="0">(DE-576)200798731</marc:subfield>
      </marc:datafield>
      <marc:datafield tag="936" ind1="r" ind2="v">
         <marc:subfield code="a">CU 8000</marc:subfield>
         <marc:subfield code="b">Allgemeines, Einführungen, Gesamtdarstellungen</marc:subfield>
         <marc:subfield code="k">Psychologie</marc:subfield>
         <marc:subfield code="k">Klinische Psychologie</marc:subfield>
         <marc:subfield code="k">Psychologische Behandlungsmethoden, Psychotherapie</marc:subfield>
         <marc:subfield code="k">Allgemeines, Einführungen, Gesamtdarstellungen</marc:subfield>
         <marc:subfield code="0">(DE-627)1271481030</marc:subfield>
         <marc:subfield code="0">(DE-625)rvk/19124:</marc:subfield>
         <marc:subfield code="0">(DE-576)201481030</marc:subfield>
      </marc:datafield>
      <marc:datafield tag="936" ind1="r" ind2="v">
         <marc:subfield code="a">AP 84150</marc:subfield>
         <marc:subfield code="b">Psychologie, Medizin</marc:subfield>
         <marc:subfield code="k">Allgemeines</marc:subfield>
         <marc:subfield code="k">Medien- und Kommunikationswissenschaften, Kommunikationsdesign</marc:subfield>
         <marc:subfield code="k">Tanz</marc:subfield>
         <marc:subfield code="k">Natur und Kultur des Tanzes, Forschung</marc:subfield>
         <marc:subfield code="k">Psychologie, Medizin</marc:subfield>
         <marc:subfield code="0">(DE-627)1270693395</marc:subfield>
         <marc:subfield code="0">(DE-625)rvk/8032:</marc:subfield>
         <marc:subfield code="0">(DE-576)200693395</marc:subfield>
      </marc:datafield>
      <marc:datafield tag="951" ind1=" " ind2=" ">
         <marc:subfield code="a">BO</marc:subfield>
      </marc:datafield>
   </marc:record>